@article{blackholes,
      author="Rabbert Klein",
      title="Black Holes and Their Relation to Hiding Eggs",
      journal="Theoretical Easter Physics",
      publisher="Eggs Ltd.",
      year="2010",
      note="(w trakcie publikowania)"
}

@online{magpwn,
author = {Wydawnictwo Naukowe PWN},
title = {Magazyn},
year = {•},
url = {http://sjp.pwn.pl/slowniki/magazyn.html},
OPTsubtitle = {•},
OPTtitleaddon = {•},
OPTlanguage = {polski},
OPTversion = {•},
OPTnote = {•},
OPTorganization = {•},
OPTdate = {•},
OPTmonth = {•},
OPTaddendum = {•},
OPTpubstate = {•},
OPTurldate = {2016-09-20},
}
@online{inwen,
author = {Dorota Dziedzina},
title = {Inwentaryzacja},
year = {•},
url = {https://mfiles.pl/pl/index.php/Inwentaryzacja},
OPTsubtitle = {•},
OPTtitleaddon = {•},
OPTlanguage = {•},
OPTversion = {•},
OPTnote = {•},
OPTorganization = {•},
OPTdate = {•},
OPTmonth = {•},
OPTaddendum = {•},
OPTpubstate = {•},
OPTurldate = {2016-09-20},
}

